@misc{label,
  author = {Wikipédia},
  title  = {Site Web Français de Wikipédia},
  note   = {[en ligne] \url{https://fr.wikipedia.org/} ; dernière consultation
: 28 avril 2018}
}

